<?xml version="1.0" encoding="UTF-8"?><collection xmlns="http://www.loc.gov/MARC21/slim"><record><leader>00485nam--2200181-i-4500</leader><controlfield tag="001">000022178</controlfield><controlfield tag="002">20161230</controlfield><controlfield tag="005">20161230201034</controlfield><controlfield tag="008">060222s1000------------r-----000-0-eng-d</controlfield><datafield ind1=" " ind2=" " tag="040"><subfield code="a">IFIN-HH</subfield></datafield><datafield ind1=" " ind2=" " tag="080"><subfield code="a">802.0:800.7</subfield></datafield><datafield ind1="1" ind2=" " tag="100"><subfield code="a">Richards, I.A</subfield></datafield><datafield ind1="1" ind2="0" tag="245"><subfield code="a">English through pictures</subfield><subfield code="c">I.a. richards, christine gibson</subfield></datafield><datafield ind1=" " ind2=" " tag="260"><subfield code="a">New York</subfield><subfield code="b">Washington Square Press Book</subfield><subfield code="c">1961</subfield></datafield><datafield ind1=" " ind2=" " tag="300"><subfield code="a">247P</subfield></datafield><datafield ind1="1" ind2=" " tag="700"><subfield code="a">Gibson, Christine M</subfield></datafield><datafield ind1=" " ind2=" " tag="852"><subfield code="a">1719</subfield><subfield code="c">4</subfield></datafield><datafield ind1=" " ind2=" " tag="CAT"><subfield code="a">Sys</subfield><subfield code="c">20130130</subfield><subfield code="h">165149</subfield></datafield></record></collection>